@misc{microurbains,
  author = {{Université Paris-Saclay}},
  title = {Mieux comprendre les microclimats urbains : un défi pour faire face au changement climatique dans les villes},
  year = {2025},
  url = {https://www.universite-paris-saclay.fr/actualites/mieux-comprendre-les-microclimats-urbains-defi-pour-faire-face-au-changement-climatique-dans-les-villes},
  note = {Accessed: 2025-10-05}
}

@misc{blogecolo,
  author = {Amaury et Christine},
  title = {Impact des villes sur le climat urbain : analyse des microclimats},
  year = {2025},
  url = {https://www.blog-ecolo.fr/microclimats-villes-modernes-2.html},
  note = {Accessed: 2025-10-05}
}
@misc{oneclicklca,
  author = {Roberta Belanova},
  title = {Modélisation du microclimat : ce que c'est et pourquoi c'est important},
  year = {2025},
  url = {https://oneclicklca.com/fr/resources/articles/microclimate-modeling-what-is-it-and-why-is-it-important},
  note = {Accessed: 2025-10-05}
}

@misc{siradel,
  author = {Siradel},
  title = {Le jumeau numérique pour atténuer les îlots de chaleur urbains (ICU)},
  year = {2025},
  url = {https://www.siradel.com/fr/ilots-de-chaleur-urbains/},
  note = {Accessed: 2025-10-05}
}
@misc{maisondelurbanite,
  author = {Roland Billen and Imane Jeddoub},
  title = {Les jumeaux numériques urbains : Un nouvel outil pour l’urbanisme et l’aménagement ?},
  year = {2024},
  url = {https://www.maisondelurbanite.org/post/les-jumeaux-num%C3%A9riques-urbains-un-nouvel-outil-pour-l-urbanisme-et-l-am%C3%A9nagement},
  note = {Accessed: 2025-10-05}
}

@misc{chatgpt2025,
  author = {{OpenAI}},
  title = {ChatGPT (GPT-5) — Assistance à la rédaction et à la structuration du rapport sur le jumeau numérique du microclimat urbain},
  year = {2025},
  note = {Modèle de langage développé par OpenAI, utilisé pour la reformulation, la traduction et la génération de contenu technique.},
  howpublished = {\url{https://chat.openai.com}}
}


@misc{ign2025,
  author = {{IGN}},
  title = {Un jumeau numérique de la France pour piloter la transition écologique},
  year = {2025},
  howpublished = {\url{https://www.ign.fr/institut/un-jumeau-numerique-de-la-france-pour-piloter-la-transition-ecologique}},
  note = {Consulté le 5 octobre 2025}
}

@misc{cnig2025,
  author = {{CNIG, Pôle Territoires}},
  title = {Présentation : Jumeau numérique de la France - pilotage de la transition écologique},
  year = {2025},
  howpublished = {\url{https://cnig.gouv.fr/IMG/pdf/2025.01_20_jnft_presentation_cnig_pole_territoires.pdf}},
  note = {Consulté le 5 octobre 2025}
}

@misc{ceremainria,
  author = {{IGN} and {Cerema} and {Inria}},
  title = {Fondateurs de la démarche : Jumeau Numérique de la France},
  year = {2025},
  note = {Présentation institutionnelle du projet national de jumeau numérique}
}

@article{sciencedirect2025,
  author = {Author Unknown},
  title = {Digital Twins for Sustainable Urban Planning},
  journal = {Journal of Cleaner Production},
  year = {2025},
  url = {https://www.sciencedirect.com/science/article/pii/S2212095525002469},
  note = {Consulté le 5 octobre 2025}
}
